<?xml version="1.0" encoding="UTF-8"?><collection><record><leader>07914ntm a2200577 a 4500</leader><controlfield tag="001">006835168</controlfield><controlfield tag="003">MiAaHDL</controlfield><controlfield tag="005">20190719000000.0</controlfield><controlfield tag="006">m        d        </controlfield><controlfield tag="007">cr bn ---auaua</controlfield><controlfield tag="008">090707q15581599xx            |00 ||ara d</controlfield><datafield tag="035" ind1=" " ind2=" "><subfield code="a">(MiU)006835168</subfield></datafield><datafield tag="035" ind1=" " ind2=" "><subfield code="a">sdr-miu006835168</subfield></datafield><datafield tag="040" ind1=" " ind2=" "><subfield code="a">MiU</subfield><subfield code="c">MiU</subfield><subfield code="e">amremm</subfield></datafield><datafield tag="043" ind1=" " ind2=" "><subfield code="a">n-us-mi</subfield><subfield code="a">a-tu---</subfield></datafield><datafield tag="100" ind1="1" ind2=" "><subfield code="6">880-01</subfield><subfield code="a">Ṭāshkubrīʹzādah, Aḥmad ibn Muṣṭafá,</subfield><subfield code="d">1495-1561.</subfield></datafield><datafield tag="245" ind1="1" ind2="3"><subfield code="6">880-03</subfield><subfield code="a">al-Shaqāʼiq al-nuʻmānīyah fī ʻulamāʼ al-dawlah al-ʻUthmānīyah,</subfield><subfield code="f">[16th century].</subfield></datafield><datafield tag="246" ind1="3" ind2=" "><subfield code="i">Title from close on p.531:</subfield><subfield code="a">كتاب شقائق النعمان</subfield></datafield><datafield tag="246" ind1="3" ind2=" "><subfield code="i">Edge title:</subfield><subfield code="a">شقايق</subfield></datafield><datafield tag="260" ind1=" " ind2=" "><subfield code="c">[1558-1599].</subfield></datafield><datafield tag="300" ind1=" " ind2=" "><subfield code="a">266 leaves :</subfield><subfield code="b">paper ;</subfield><subfield code="c">147 x 112 (97 x 57) mm.</subfield></datafield><datafield tag="500" ind1=" " ind2=" "><subfield code="a">Shelfmark: Ann Arbor, University of Michigan, Special Collections Library, Isl. Ms. 1031</subfield></datafield><datafield tag="500" ind1=" " ind2=" "><subfield code="a">Origin: As appears in authorial colophon on p.530, dictation of the composition by the author completed ("wa-qad faraghtu min imlāʼih ...") end of Shaʻbān (Ramaḍān in other copies) 965 [June 1558] in Istanbul ( قسطنطنية ). Date of transcription for this copy not specified, though paper, decoration, hand, etc. would certainly suggest 16th century and it may have been executed before the author's death.</subfield></datafield><datafield tag="500" ind1=" " ind2=" "><subfield code="a">Former shelfmark: Mich. Isl. Ms. temp. no. 180</subfield></datafield><datafield tag="500" ind1=" " ind2=" "><subfield code="a">Binding: Pasteboards covered in bright red leather ; Type III binding (without flap) ; doublures (board linings) in block-printed paper (yellow and red on dark blue), flyleaves in fine marbled paper (in dark blue, light blue, pink, yellow) ; upper and lower covers carry blind-stamped central ornament (evoking vegetal shape in the manner of a pendant that that would accompany a mandorla) and border in a series of s-shaped stamps ; sewn in light blue and white thread, two stations ; worked chevron endbands in pink and cream, quite good condition ; overall in fair condition with some staining, minor abrasion, etc.</subfield></datafield><datafield tag="500" ind1=" " ind2=" "><subfield code="a">Support: non-European (likely Persian or Indian) laid paper with 8 laid lines per cm. (horizontal, some curving, sagging) and no chain lines visible ; quite thin, crisp and transluscent, well-sized and burnished, smooth, dark cream to beige in color ; a few leaves of European laid paper here and there (see pp.96, 100, etc.) with 11 laid lines per cm. (vertical) and chain lines spaced 32-33 mm. apart, no watermarks visible, stiffer and sturdier, text on these leaves supplied in same hand as elsewhere.</subfield></datafield><datafield tag="500" ind1=" " ind2=" "><subfield code="a">Decoration: Elegant illuminated headpiece (ʻunwān) at opening on p.2 consisting of rectangular panel with gold cartouche (carrying the basmalah in white nastaʻlīq) surrounded by swirling vegetal decoration in gold with turquoise, dark lavender, and dark red floral accents on a field of lapis lazuli or cobalt, surrounded by decorative bands in gold, black and light blue and surmounted by vertical stalks (tīgh) also in bright lapis or cobalt ; written area surrounded by heave gold frame defined by black fillets ; keywords and notabilia rubricated (some notabilia in blue ink) ; textual dividers in the form of inverted commas in red.</subfield></datafield><datafield tag="500" ind1=" " ind2=" "><subfield code="a">Script: Naskh ; compact, carefully executed 'Syrian' or Turkish hand ; serifless with effect of tilt to the left, slight effect of words descending to the baseline, pointing mainly in distinct dots but occasionally in strokes (for two and three dots), curvilinear descenders, compact but with especially tall ascenders with effect of elongation in the vertical, final yāʼ often left unpointed, partially vocalized.</subfield></datafield><datafield tag="500" ind1=" " ind2=" "><subfield code="a">Layout: Written in 15 lines per page ; frame-ruled.</subfield></datafield><datafield tag="500" ind1=" " ind2=" "><subfield code="a">Collation: 3 V(30), IV (38), IV+1 (47), 19 V(237), IV+1 (246), 2 V(266) ; chiefly quinions ; middle of the quire marks in the form of pencil stroke in the outer margin of the left-hand leaf ; catchwords present ; flyleaves now affixed to opening and closing leaves ; pagination in pencil, Western numerals, supplied during digitization.</subfield></datafield><datafield tag="500" ind1=" " ind2=" "><subfield code="a">Colophon: "Authorial," reads "وليكن هذا اخر الكتاب وقد املته على بعض من الاصحاب مع كلال البصر ... وقد فرغت من املائه يوم السبت آخر شعبان المبارك سنة خمس وستين وتسعمائة بقسطنطنية المحمية"</subfield></datafield><datafield tag="500" ind1=" " ind2=" "><subfield code="a">Explicit: "ومنهم الشيخ الصالح مصلح الدين مصطفى من خلفاء السيد احمد البخاري ... توفى رحمه الله قريبا من الستين وتسعمائة روح الله روحه ونور ضريحه والحمد لله وحده هذا ما تيسر لي بعون الملك العلام من تفصيل احوال علماء الاعلام وذكر مناقب المشايخ العظام وحين آن آوان الاختتام ... وليكن هذا اخر الكتاب وقد املته على بعض من الاصحاب مع كلال البصر ... وقد فرغت من املائه يوم السبت آخر شعبان المبارك سنة خمس وستين وتسعمائة بقسطنطنية المحمية ... واجب يا رب دعوتي وثبت حجتي وسدد لساني واهد قلبي واسدل سخيمة صدري سبحان الله وبحمده سبحان الله العظيم ... كتاب شقائق النعمان بعون الملك الديان والحمد لله وحده"</subfield></datafield><datafield tag="500" ind1=" " ind2=" "><subfield code="a">Incipit: "الحمد لله الذي رفع بفضله طبقات العلماء وجعل اصولهم ثابتة وفروعهم في السماء ... وبعد فاني منذ ما عرفت اليمين من الشمال والمستقيم من المحال كنت مشغوفا بتتبع مناقب العلماء واخبارهم ...ولما شاهد هذه الحال بعض ارباب الفضل والكمال التمس مني ان اجمع مناقب علماء الروم فاجبت الى ملتمسه ... وضعت الرسالة على ترتيب سلاطين آل عثمان ولهذا سميت بالشقائق النعمانية في علماء الدولة العثمانية ..."</subfield></datafield><datafield tag="500" ind1=" " ind2=" "><subfield code="a">Title from opening matter (preface) on p.3.</subfield></datafield><datafield tag="500" ind1=" " ind2=" "><subfield code="a">Ms. codex.</subfield></datafield><datafield tag="510" ind1="4" ind2=" "><subfield code="a">Ḥājjī Khalīfah. Kashf al-ẓunūn (ed. Fluegel),</subfield><subfield code="c">iv 65, no.7630</subfield></datafield><datafield tag="510" ind1="4" ind2=" "><subfield code="a">Brockelmann, C. GAL,</subfield><subfield code="c">II 425 no.2</subfield></datafield><datafield tag="520" ind1="8" ind2=" "><subfield code="a">Elegant early copy of the celebrated biographical work by Taşköprüzâde (Taşköprî-zâde) İsam ed-Dîn Ahmet (d.1561), mainly addressing ʻulamāʼ and ṣūfī shaykhs under the Ottomans and organized in ten classes (ṭabaqāt) corresponding to the reigns of the first ten Ottoman sultans through Süleyman I (r.1520-1566).</subfield></datafield><datafield tag="538" ind1=" " ind2=" "><subfield code="a">Mode of access: Internet.</subfield></datafield><datafield tag="541" ind1=" " ind2=" "><subfield code="c">Purchase ;</subfield><subfield code="a">Purchased in Egypt by Mr. Sulaiman ;</subfield><subfield code="d">Received: 1968 ;</subfield><subfield code="e">(Sulaiman 690713-156)</subfield></datafield><datafield tag="546" ind1=" " ind2=" "><subfield code="a">Arabic.</subfield></datafield><datafield tag="561" ind1=" " ind2=" "><subfield code="a">UM Library inscription on leaf now affixed to upper board lining "Spec. Coll. Lib. 690713-156 Sulaiman 1968" ; former owners' marks on 'title page' now obscured by bifolium affixed to it and upper board lining ; notabilia (side-heads), some rubricated others in blue ink.</subfield></datafield><datafield tag="650" ind1=" " ind2="0"><subfield code="a">Manuscripts, Arabic</subfield><subfield code="z">Michigan</subfield><subfield code="z">Ann Arbor.</subfield></datafield><datafield tag="650" ind1=" " ind2="0"><subfield code="a">Sufis</subfield><subfield code="z">Turkey</subfield><subfield code="v">Biography</subfield><subfield code="v">Early works to 1800.</subfield></datafield><datafield tag="650" ind1=" " ind2="0"><subfield code="a">Sufism</subfield><subfield code="z">Turkey</subfield><subfield code="v">Biography</subfield><subfield code="v">Early works to 1800.</subfield></datafield><datafield tag="650" ind1=" " ind2="0"><subfield code="a">Ulama</subfield><subfield code="z">Turkey</subfield><subfield code="v">Biography</subfield><subfield code="v">Early works to 1800.</subfield></datafield><datafield tag="651" ind1=" " ind2="0"><subfield code="a">Turkey</subfield><subfield code="x">History</subfield><subfield code="y">Ottoman Empire, 1288-1918</subfield><subfield code="v">Biography</subfield><subfield code="v">Dictionaries</subfield><subfield code="v">Early works to 1800.</subfield></datafield><datafield tag="655" ind1=" " ind2="7"><subfield code="a">Headpieces (layout features)</subfield><subfield code="y">16th century.</subfield><subfield code="2">aat</subfield></datafield><datafield tag="773" ind1="0" ind2=" "><subfield code="a">Sulaiman Purchase Collection.</subfield></datafield><datafield tag="880" ind1="1" ind2="2"><subfield code="6">245-03/</subfield><subfield code="a">الشقائق النعمانية في علماء الدولة العثمانية,</subfield><subfield code="f">[القرن 16م].</subfield></datafield><datafield tag="880" ind1="1" ind2=" "><subfield code="6">100-01/</subfield><subfield code="a">طاشكبريزاده، احمد بن مصطفى.</subfield></datafield><datafield tag="CID" ind1=" " ind2=" "><subfield code="a">006835168</subfield></datafield><datafield tag="DAT" ind1="0" ind2=" "><subfield code="a">20190719102641.0</subfield><subfield code="b">20190719000000.0</subfield></datafield><datafield tag="DAT" ind1="1" ind2=" "><subfield code="a">20190719090653.0</subfield><subfield code="b">2019-07-19T16:12:24Z</subfield></datafield><datafield tag="DAT" ind1="2" ind2=" "><subfield code="a">2015-10-02T18:00:03Z</subfield></datafield><datafield tag="CAT" ind1=" " ind2=" "><subfield code="a">SDR-MIU</subfield><subfield code="d">EX LIBRIS - ALEPH</subfield><subfield code="l">prepare.pl-004-008</subfield></datafield><datafield tag="FMT" ind1=" " ind2=" "><subfield code="a">BK</subfield></datafield><datafield tag="HOL" ind1=" " ind2=" "><subfield code="0">sdr-miu006835168</subfield><subfield code="a">MiU</subfield><subfield code="b">SDR</subfield><subfield code="c">MIU</subfield><subfield code="p">mdp.39015079132182</subfield><subfield code="s">MIU</subfield><subfield code="1">006835168</subfield></datafield><datafield tag="974" ind1=" " ind2=" "><subfield code="b">MIU</subfield><subfield code="c">MIU</subfield><subfield code="d">20190719</subfield><subfield code="s">lit-dlps-dc</subfield><subfield code="u">mdp.39015079132182</subfield><subfield code="y">1599</subfield><subfield code="r">pd</subfield><subfield code="q">bib</subfield><subfield code="t">non-US bib date2 &lt; 1879</subfield></datafield></record></collection>